@Article{ribeiro,
	title = {Automatic Diagnosis of the 12-Lead {{ECG}} Using a Deep Neural Network},
	author = {Ribeiro, Ant{\^o}nio H. and Ribeiro, Manoel Horta and Paix{\~a}o, Gabriela M. M. and Oliveira, Derick M. and Gomes, Paulo R. and Canazart, J{\'e}ssica A. and Ferreira, Milton P. S. and Andersson, Carl R. and Macfarlane, Peter W. and Meira Jr., Wagner and Sch{\"o}n, Thomas B. and Ribeiro, Antonio Luiz P.},
	year = {2020},
	volume = {11},
	pages = {1760},
	note = {aviable at \url{https://doi.org/10.1038/s41467-020-15432-4}},
	journal = {Nature Communications},
	number = {1}
}

@Misc{ptbxldb,
	author = {Patrick Wagner and Nils Strodthoff and Ralf-Dieter Bousseljot and Wojciech Samek and Tobias Schaeffter},
	title = {{PTB-XL, a large publicy available electrocardiography dataset}},
	howpublished = {\url{https://doi.org/10.13026/kfzx-aw45}},
	month = {Nov},
	year = {2022},
	note = {(version 1.0.3). Último acceso: 28/09/2024}
}

@Misc{code,
	author = "Antonio H. Ribeiro and Manoel Horta Ribeiro and Gabriela M. Paixão and Derick M. Oliveira and Paulo R. Gomes and Jéssica A. Canazart and Milton P. Ferreira and Carl R. Andersson and Peter W. Macfarlane and Wagner Meira Jr. and Thomas B. Schön and Antonio Luiz P. Ribeiro",
	title = "{CODE dataset}",
	year = "2021",
	month = "11",
	howpublished = {\url{https://figshare.scilifelab.se/articles/dataset/CODE_dataset/15169716}}
}

@Misc{code15,
	author       = {Ribeiro, Antônio H. and
	Paixao, Gabriela M.M. and
	Lima, Emilly M. and
	Horta Ribeiro, Manoel and
	Pinto Filho, Marcelo M. and
	Gomes, Paulo R. and
	Oliveira, Derick M. and
	Meira Jr, Wagner and
	Schon, Thömas B and
	Ribeiro, Antonio Luiz P.},
	title        = {{CODE-15\%: a large scale annotated dataset of 
	12-lead ECGs}},
	month        = jun,
	year         = 2021,
	publisher    = {Zenodo},
	version      = {1.0.0},
	howpublished = {\url{https://doi.org/10.5281/zenodo.4916206}}
}

@Misc{ptbxlart,
	author = {Patrick Wagner and Nils Strodthoff and Ralf-Dieter Bousseljot and Wojciech Samek and Tobias Schaeffter},
	title = {{PTB-XL, a large publicy available electrocardiography dataset}},
	howpublished = {\url{https://doi.org/10.1038/s41597-020-0495-6}},
	month = {May},
	year = {2020},
	note = {Último acceso: 28/09/2024}
}




@unpublished{TFGSergio,
title = {Are 12-lead ECGs necessary for detecting heart anomalies? a comparison between 12-lead and 3-lead ECG classification using deep learning},
year = {2024},
note = {No Publicado},
school = {ETSI\_Informatica},
month = {Junio},
author = {Gonz{\'a}lez Cabeza, Sergio},
url = {https://oa.upm.es/82828/}
}


@unpublished{TFGMario,
year = {2024},
school = {ETSI\_Informatica},
note = {No Publicado},
month = {Julio},
title = {Peak Attention U-Net: attention-enhanced ECG delineation model for Peak Detection},
url = {https://oa.upm.es/82826/},
author = {Sanz Guerrero, Mario},
}




@INPROCEEDINGS{baseline,

  author={Chouhan, V.S. and Mehta, S.S.},

  booktitle={2007 International Conference on Computing: Theory and Applications (ICCTA'07)}, 

  title={Total Removal of Baseline Drift from ECG Signal}, 

  year={2007},

  volume={},

  number={},

  pages={512-515},

  keywords={Electrocardiography;Polynomials;Educational institutions;MATLAB;Least squares methods;Visualization;Morphology;Error correction;Cardiology;Testing},

  doi={10.1109/ICCTA.2007.126}
}

@article{powerline,
  author    = {Luis Enrique Avendaño González and José Luis Rodriguez S. and Germán Castellanos},
  title     = {Métodos para la eliminación de interferencia AC en ECG},
  journal   = {Scientia et Technica},
  volume    = {3},
  number    = {29},
  year      = {2005},
  pages     = {49--53},
  issn      = {0122-1701},
  url       = {https://dialnet.unirioja.es/descarga/articulo/4834142.pdf},
  note      = {Accedido el 5 de diciembre de 2024}
}

@ARTICLE{IData,

  author={He, Haibo and Garcia, Edwardo A.},

  journal={IEEE Transactions on Knowledge and Data Engineering}, 

  title={Learning from Imbalanced Data}, 

  year={2009},

  volume={21},

  number={9},

  pages={1263-1284},

  keywords={Availability;Large-scale systems;Surveillance;Data security;IP networks;Finance;Data analysis;Decision making;Data engineering;Knowledge representation;Imbalanced learning;classification;sampling methods;cost-sensitive learning;kernel-based learning;active learning;assessment metrics.},

  doi={10.1109/TKDE.2008.239}}

@article{ClassOfIData,
author = {Yanminsun, and Wong, Andrew and Kamel, Mohamed S.},
year = {2011},
month = {11},
pages = {},
title = {Classification of imbalanced data: a review},
volume = {23},
journal = {International Journal of Pattern Recognition and Artificial Intelligence},
doi = {10.1142/S0218001409007326}
}

@article{Leevy,
  author    = {Joffrey L. Leevy and Taghi M. Khoshgoftaar and Richard A. Bauder and Naeem Seliya},
  title     = {A survey on addressing high-class imbalance in big data},
  journal   = {Journal of Big Data},
  volume    = {5},
  number    = {1},
  pages     = {42},
  year      = {2018},
  doi       = {10.1186/s40537-018-0151-6},
  url       = {https://doi.org/10.1186/s40537-018-0151-6}
}

@article{Allen1977,
  author    = {Allen, J. B. and Rabiner, L. R.},
  title     = {A Unified Approach to Short-Time Fourier Analysis and Synthesis},
  journal   = {Proceedings of the IEEE},
  volume    = {65},
  number    = {11},
  pages     = {1558--1564},
  year      = {1977}
}

@book{Oppenheim2009,
  author    = {Oppenheim, Alan V. and Schafer, Ronald W.},
  title     = {Discrete-Time Signal Processing},
  edition   = {3rd},
  publisher = {Prentice Hall},
  address   = {Upper Saddle River, NJ, USA},
  year      = {2009}
}

@book{Clifford2006,
  author    = {Clifford, G. D. and Azuaje, F. and McSharry, P. E.},
  title     = {Advanced Methods and Tools for ECG Data Analysis},
  publisher = {Artech House},
  year      = {2006}
}

%-------------------------------------------------------------------------------------------------------------------
@misc{whocvd,
  title        = {Cardiovascular diseases (CVDs)},
  author       = {{World Health Organization}},
  howpublished = {\url{https://www.who.int/news-room/fact-sheets/detail/cardiovascular-diseases-(cvds)}},
  year         = {2021},
  note         = "[Online; accessed 2023-10-10]"
}

@article{hannun_cardiologist_2019,
  title   = {Cardiologist-level arrhythmia detection and classification in ambulatory electrocardiograms using a deep neural network},
  author  = {Hannun, Awni Y. and Rajpurkar, Pranav and Haghpanahi, Masoumeh and Tison, Geoffrey H. and Bourn, Colby and Turakhia, Mintu P. and Ng, Andrew Y.},
  journal = {Nature Medicine},
  volume  = {25},
  number  = {1},
  pages   = {65--69},
  year    = {2019},
  doi     = {10.1038/s41591-018-0268-3}
}

@online{latido_img,
    author = "{Wikimedia Commons}",
  title        = {Sinus Rhythm Labels},
  note         = {Accedido: 2024-12-26, licensed under CC BY-SA 3.0 URL: \url{https://commons.wikimedia.org/wiki/File:SinusRhythmLabels.svg}},
  year         = {2023}
}

%Articulo sobre WFDB
@misc{wfdb_spec,
  author       = {Xie, Cheng and McCullum, Laurel and Johnson, Alistair and Pollard, Tom and Gow, Brandon and Moody, Benjamin},
  title        = {Waveform Database Software Package (WFDB) for Python (version 4.1.0)},
  year         = {2023},
  howpublished = {PhysioNet},
  doi          = {10.13026/9njx-6322},
  url          = {https://doi.org/10.13026/9njx-6322}
}


@article{kiranyaz_2016,
  title   = {Personalized long-term ECG classification: A systematic review},
  author  = {Kiranyaz, Serkan and Ince, Turker and Gabbouj, Moncef},
  journal = {Applied Soft Computing},
  volume  = {41},
  pages   = {269--280},
  year    = {2016},
  doi     = {10.1016/j.asoc.2016.02.012}
}

@article{acharya_2017,
  title   = "Automated diagnosis of arrhythmia using different intervals of {ECG} segments with {Convolutional Neural Network}",
  author  = {Acharya, U. Rajendra and Fujita, Hamido and Lih, Oh Shu and Hagiwara, Yoshito and Tan, Jen Hong and Chua, C.K.},
  journal = {Information Sciences},
  volume  = {405},
  pages   = {81--90},
  year    = {2017},
  doi     = {10.1016/j.ins.2017.04.012}
}

@book{Molnar2019,
  title       = {Interpretable Machine Learning},
  author      = {Molnar, Christoph},
  year        = {2019},
  publisher   = {Lulu.com},
  isbn        = {9780244768522},
  chapter     = {3}
}

@article{Goodman2017,
   title={European Union Regulations on Algorithmic Decision Making and a “Right to Explanation”},
   volume={38},
   ISSN={2371-9621},
   url={http://dx.doi.org/10.1609/aimag.v38i3.2741},
   DOI={10.1609/aimag.v38i3.2741},
   number={3},
   journal={AI Magazine},
   publisher={Wiley},
   author={Goodman, Bryce and Flaxman, Seth},
   year={2017},
   month=sep, pages={50–57} }

@article{Rudin2019,
  title     = {Stop explaining black box machine learning models for high stakes decisions and use interpretable models instead},
  author    = {Rudin, Cynthia},
  journal   = {Nature Machine Intelligence},
  volume    = {1},
  number    = {5},
  pages     = {206--215},
  year      = {2019}
}

@book{Mann2021,
  title={Braunwald's Heart Disease: A Textbook of Cardiovascular Medicine},
  author={Libby, P. and Bonow, R.O. and Mann, D.L. and Tomaselli, G.F. and Bhatt, D.L. and Solomon, S.D. and Braunwald, E.},
  isbn={9780323824712},
  year={2021},
  publisher={Elsevier}
}

@article{gustafsson2022deep,
  title={Development and validation of deep learning ECG-based prediction of myocardial infarction in emergency department patients},
  author={Gustafsson, S. and Gedon, D. and Lampa, E. and Ribeiro, A. H. and Holzmann, M. J. and Sch{\"o}n, T. B. and Sundstr{\"o}m, J.},
  journal={Scientific Reports},
  volume={12},
  year={2022},
  publisher={Nature Publishing Group},
  doi={10.1038/s41598-022-24254-x}
}

@article{lu2024decoding,
  title={Decoding 2.3 million ECGs: interpretable deep learning for advancing cardiovascular diagnosis and mortality risk stratification},
  author={Lu, Lianrui and Zhu, Tingting and Ribeiro, Ant{\'o}nio Henrique and others},
  journal={European Heart Journal - Digital Health},
  volume={5},
  number={3},
  pages={247--259},
  year={2024},
  publisher={Oxford University Press},
  doi={10.1093/ehjdh/ztae014}
}

@article{manualelectro,
  title={Comprehensive Electrocardiology},
  author={Macfarlane, Peter W. and van Oosterom, Adriaan and Pahlm, Olle and Kligfield, Paul and Janse, Michiel and Camm, A. John},
  journal={Springer},
  year={2010},
  volume={1},
  pages={1-1040},
  doi={10.1007/978-1-84882-045-9}
}

@article{guo2023machine,
  title={Machine Learning-Based Automatic Cardiovascular Disease Diagnosis Using Two ECG Leads},
  author={Guo, Chen and Ahmed, Syed and Alouini, Mohamed-Slim},
  journal={arXiv preprint arXiv:2305.16055},
  year={2023},
  url={https://arxiv.org/abs/2305.16055}
}

@article{backpropagation,
  title     = {Learning representations by back-propagating errors},
  author    = {Rumelhart, David E. and Hinton, Geoffrey E. and Williams, Ronald J.},
  journal   = {Nature},
  volume    = {323},
  number    = {6088},
  pages     = {533--536},
  year      = {1986},
  publisher = {Nature Publishing Group},
  doi       = {doi.org/10.1038/323533a0}
}

@book{Goodfellow-et-al-2016,
  title     = {Deep Learning},
  author    = {Goodfellow, Ian and Bengio, Yoshua and Courville, Aaron},
  publisher = {MIT Press},
  year      = {2016},
  url       = {http://www.deeplearningbook.org}
}

@inproceedings{he2008adasyn,
  title={ADASYN: Adaptive Synthetic Sampling Approach for Imbalanced Learning},
  author={He, Haibo and Bai, Yang and Garcia, Edwardo A. and Li, Shutao},
  booktitle={Proceedings of the IEEE International Joint Conference on Neural Networks (IEEE World Congress on Computational Intelligence)},
  pages={1322--1328},
  year={2008},
  organization={IEEE},
  doi={10.1109/IJCNN.2008.4633969},
  address={Hong Kong, China}
}

@article{koziarski2019radial,
  title={Radial-Based Undersampling for Imbalanced Data Classification},
  author={Koziarski, Michał},
  journal={arXiv preprint arXiv:1906.00452},
  year={2019},
  url={https://arxiv.org/abs/1906.00452}
}


